<record><leader>00000cas a22000007a 4500</leader><controlfield tag="001">20834636</controlfield><controlfield tag="008">891229d18861886mouwr ne      0    0eng d</controlfield><datafield ind1=" " ind2=" " tag="010"><subfield code="a">sn 89067600 </subfield></datafield><datafield ind1=" " ind2=" " tag="040"><subfield code="a">MQN</subfield><subfield code="b">eng</subfield><subfield code="c">MQN</subfield><subfield code="d">OCLCQ</subfield></datafield><datafield ind1=" " ind2=" " tag="042"><subfield code="a">msc</subfield></datafield><datafield ind1="0" ind2="4" tag="245"><subfield code="a">The Local dispatch.</subfield></datafield><datafield ind1=" " ind2=" " tag="260"><subfield code="a">Pleasant Hill, Mo. :</subfield><subfield code="b">C.O. Race &amp; J.E. McKesson,</subfield><subfield code="c">1886.</subfield></datafield><datafield ind1=" " ind2=" " tag="300"><subfield code="a">v.</subfield></datafield><datafield ind1=" " ind2=" " tag="310"><subfield code="a">Weekly</subfield></datafield><datafield ind1="0" ind2=" " tag="362"><subfield code="a">Vol. 14, no. 32 (Apr. 29, 1886)-v. 15, no. 3 (Oct. 7, 1886).</subfield></datafield><datafield ind1=" " ind2=" " tag="752"><subfield code="a">United States</subfield><subfield code="b">Missouri</subfield><subfield code="c">Cass</subfield><subfield code="d">Pleasant Hill.</subfield></datafield><datafield ind1="0" ind2="0" tag="780"><subfield code="t">Western dispatch (Pleasant Hill, Mo.)</subfield><subfield code="w">(DLC)sn 87052191</subfield></datafield><datafield ind1="0" ind2="0" tag="785"><subfield code="t">Weekly local (Pleasant Hill, Mo.)</subfield><subfield code="w">(DLC)sn 89067601</subfield></datafield></record>